<?xml version="1.0" encoding="UTF-8"?><record xmlns="http://www.loc.gov/MARC21/slim" xmlns:cinclude="http://apache.org/cocoon/include/1.0" xmlns:zs="http://www.loc.gov/zing/srw/">
  <leader>00448nz  a2200121n  4500</leader>
  <controlfield tag="001">n 2004111022</controlfield>
  <controlfield tag="003">DLC</controlfield>
  <controlfield tag="005">20040723151935.0</controlfield>
  <controlfield tag="008">040723n| acannaabn          |n aaa      </controlfield>
  <datafield tag="010" ind1=" " ind2=" ">
    <subfield code="a">n 2004111022</subfield>
  </datafield>
  <datafield tag="040" ind1=" " ind2=" ">
    <subfield code="a">DLC</subfield>
    <subfield code="b">eng</subfield>
    <subfield code="c">DLC</subfield>
  </datafield>
  <datafield tag="100" ind1="1" ind2=" ">
    <subfield code="a">Faÿ, Eric</subfield>
  </datafield>
  <datafield tag="670" ind1=" " ind2=" ">
    <subfield code="a">Faÿ, Eric. Information, parole et délibération, c2004:</subfield>
    <subfield code="b">t.p. (Eric Faÿ) p. 4 of cover (diploma, Ecole supérieure de commerce de Paris; professor-researcher, Ecole de management de Lyon)</subfield>
  </datafield>
</record>